3045 3631
1112 576 1896 668 prolegomena.

257 865 266 869 -
304 779 420 853 G·
457 797 695 851 Studerus
730 797 783 849 in
818 795 1160 849 dissertatione
1197 795 1257 847 de
1294 800 1452 846 aetate
1487 792 1706 857 Petronii
1741 794 1936 863 (Rhein.
1966 796 2091 849 Mus.
2128 797 2187 850 N.
2225 797 2283 849 F.
2321 796 2387 849 Π.
2426 816 2475 863 p.
2495 798 2560 848 50
2581 796 2709 863 sqq.)

301 877 464 938 multis
501 885 549 929 et
582 876 920 945 probabilibus
956 876 1261 944 argumentis
1297 874 1665 940 demonstravit,
1704 878 1988 929 Petronium
2023 877 2258 945 (quisquis
2293 879 2334 929 is
2364 878 2459 945 est)
2495 876 2706 927 Neronis

305 959 606 1024 temporibus
644 958 912 1024 scripsisse.
985 957 1086 1008 Sed
1121 956 1384 1007 admodum
1427 956 1603 1006 mirum
1646 966 1748 1020 est,
1803 957 1963 1006 virum
2006 957 2338 1008 doctissimum
2387 958 2517 1007 inter
2568 974 2708 1023 argu-

307 1047 475 1090 menta
525 1039 589 1089 ad
624 1038 918 1090 sententiam
963 1056 1103 1089 suam
1138 1035 1448 1105 probandam
1489 1048 1725 1105 congesta
1767 1039 1914 1089 etiam
1958 1039 2053 1089 hoc
2096 1041 2331 1106 posuisse.
2401 1041 2462 1089 In
2499 1039 2709 1108 Satyrici

315 1139 421 1187 cap.
462 1123 522 1170 77
580 1120 754 1173 Scauri
805 1120 1107 1170 mentionem
1158 1120 1339 1169 {actam
1391 1135 1521 1182 esse3
1592 1121 1893 1170 Mamercum
1945 1130 2109 1187 autem
2163 1120 2400 1170 Scaurum
2453 1120 2540 1187 (in
2594 1138 2709 1187 quo

309 1202 681 1251 Scaurorum
716 1200 946 1250 familia
978 1200 1284 1249 exstincta
1318 1207 1410 1247 est
1445 1197 1584 1249 Sen.
1622 1199 1785 1251 Suas.
1816 1203 1845 1250 2
1882 1218 1930 1267 p.
1953 1203 2014 1250 21
2036 1201 2182 1268 Bip.)
2218 1218 2260 1250 a.
2293 1204 2548 1251 787=34
2582 1218 2711 1250 mor·

307 1290 407 1330 tem
444 1281 607 1331 obisse
642 1279 783 1348 (Tac.
820 1280 952 1330 Ann.
989 1281 1076 1333 VI.
1115 1279 1215 1348 29).
1289 1279 1435 1341 Quod
1472 1278 1706 1331 Studerus
1742 1281 1875 1331 hunc
1927 1282 2017 1332 sub
2053 1282 2253 1332 Nerone
2305 1290 2548 1332 mortuum
2596 1298 2705 1332 esse

311 1363 424 1412 dicit
458 1362 489 1412 l.
525 1363 558 1412 l.
594 1380 641 1429 p.
681 1365 778 1413 219
793 1400 805 1424 ,
861 1362 910 1411 id
946 1360 1171 1427 exemplo
1207 1368 1303 1422 est,
1356 1360 1408 1409 in
1460 1360 1556 1410 hoc
1607 1378 1789 1427 genere
1840 1361 2111 1412 studiorum
2162 1363 2477 1429 gravissimos
2520 1379 2712 1411 errores

307 1441 551 1492 interdum
602 1459 666 1491 ne
705 1458 896 1491 summa
932 1440 1130 1507 quidem
1164 1431 1415 1506 diligentia
1458 1440 1620 1490 caveri
1666 1458 1834 1506 posse:
1867 1442 2005 1513 ‘ham
2038 1441 2122 1492 illo
2158 1459 2292 1491 anno
2328 1442 2459 1492 Nero
2493 1441 2713 1491 nondum

308 1531 453 1572 natus
506 1531 624 1572 erat.
695 1521 889 1573 Rectius
934 1521 1145 1571 fortasse
1190 1540 1237 1570 v.
1284 1520 1330 1570 d.
1368 1513 1692 1571 Americanus
1746 1522 1826 1587 qui
1876 1522 2142 1572 novissime
2196 1522 2256 1571 de
2309 1530 2465 1572 aetate
2500 1521 2713 1571 Petronii

310 1602 524 1668 scripsit,
581 1619 642 1651 ex
676 1600 771 1652 hoc
805 1600 915 1652 loco
955 1600 1213 1667 collegisse
1249 1599 1515 1663 videbitur,
1553 1601 1836 1652 Petronium
1871 1610 1983 1651 ante
2020 1620 2063 1651 a.
2105 1604 2200 1652 787
2239 1601 2508 1667 scripsisse.
2582 1601 2712 1661 (The
2787 1661 2792 1668 ι

311 1698 403 1747 age
440 1681 497 1731 of
523 1680 781 1731 Petronius
816 1679 1015 1731 Arbiter
1056 1681 1126 1748 by
1162 1679 1369 1732 Charles
1404 1680 1555 1731 Beck.
1594 1680 1894 1747 Cambridge
1935 1684 2078 1730 1856.
2119 1683 2165 1730 8.
2202 1680 2377 1730 Rhein.
2415 1681 2537 1730 Mus.
2575 1680 2635 1729 N.
2656 1680 2711 1728 F.

268 1773 270 1775 ’
311 1763 400 1811 ΧΙ.
436 1779 485 1827 p.
525 1762 658 1827 606).
730 1760 798 1811 At
831 1762 1045 1827 primum
1078 1761 1130 1809 in
1164 1768 1336 1827 aperto
1372 1769 1469 1822 est,
1509 1760 1751 1811 Senecam
1787 1762 1818 1810 1.
1856 1762 1887 1810 l.
1925 1762 2241 1811 Aemiliorum
2283 1769 2472 1810 tantum
2511 1761 2713 1812 Scauro-

310 1860 420 1890 rum
453 1841 686 1890 familiam
721 1840 1009 1890 exstinctam
1045 1840 1230 1902 dicere,
1285 1858 1387 1890 non
1422 1842 1656 1891 omnium.
1727 1842 1794 1891 Et
1841 1851 1892 1891 ut
1925 1850 2115 1890 taceam
2161 1842 2222 1890 de
2258 1842 2490 1891 Terentio
2527 1841 2712 1891 Scauro

313 1922 717 1988 grammatico
751 1922 1055 1972 Hadriani
1088 1922 1469 1989 temporibus
1505 1923 1897 1973 nobilissimo
1933 1921 2082 1989 (Gen.
2110 1923 2199 1973 XI.
2241 1923 2338 1991 15),
2375 1939 2540 1973 nonne
2576 1923 2711 1973 novi-

315 2021 423 2053 mus
459 2003 737 2056 Umbricios
783 2003 995 2054 Scauros
1031 2003 1361 2069 Pompeianos
1414 2020 1474 2052 ex
1515 2003 1655 2053 titulo
1690 2005 1833 2055 Hviri
1877 2004 2002 2054 illius
2049 2005 2183 2072 cujus
2226 2004 2500 2071 sepulcrum
2543 2004 2706 2053 vivido

313 2085 397 2135 illo
432 2084 647 2135 muneris
683 2085 959 2151 gladiatorii
995 2084 1254 2134 simulacro
1290 2092 1518 2134 ornatum
1560 2092 1635 2134 est
1676 2083 1818 2151 (Mus.
1856 2085 2005 2134 Borb.
2043 2085 2154 2135 XV.
2193 2086 2316 2135 Tav.
2354 2085 2566 2135 XXVII.
2605 2103 2711 2151 sqq.

314 2165 592 2215 Mommsen
625 2164 675 2215 J.
711 2164 771 2213 R.
808 2164 869 2213 N.
905 2182 954 2229 p.
993 2164 1180 2231 2341)?
1227 2164 1327 2214 Sed
1368 2164 1446 2213 fac
1480 2165 1764 2214 Petronium
1816 2165 1875 2214 de
1917 2165 2167 2214 Mamerco
2219 2164 2402 2215 Scauro
2458 2164 2715 2229 cogitasse,

315 2245 462 2294 etiam
494 2253 598 2293 tum
632 2244 702 2293 nil
720 2243 1091 2293 concedendum
1107 2244 1210 2304 erit,
1247 2244 1341 2311 nisi
1359 2251 1557 2309 poetam
1591 2261 1670 2294 res
1707 2261 1737 2294 a
1771 2261 1824 2295 se
1860 2252 2086 2293 narratas
2121 2243 2187 2293 ita
2211 2243 2408 2293 finxisse
2445 2244 2585 2309 quasi
2621 2243 2712 2293 sub

317 2324 517 2374 Tiberio
553 2330 692 2374 actae
726 2323 837 2384 sint,
865 2329 917 2372 ut
950 2329 1118 2373 tamen
1154 2340 1256 2373 non
1292 2340 1450 2388 pauca
1485 2341 1543 2373 ex
1581 2324 1681 2375 suis
1716 2324 2017 2388 temporibus
2053 2323 2104 2371 in
2138 2322 2274 2372 illam
2309 2331 2524 2373 aetatem
2559 2331 2719 2372 trans-

315 2403 476 2454 tulerit
527 2400 671 2469 (sicut
711 2401 858 2452 etiam
900 2400 1195 2453 Juvenalem
1246 2402 1297 2453 in
1346 2403 1504 2454 satiris
1561 2421 1649 2454 sua
1690 2412 1914 2469 tempora
1961 2421 1991 2452 a
2043 2403 2286 2468 prioribus
2339 2422 2443 2453 non
2493 2410 2715 2452 accurate

317 2483 595 2538 distinxisse
630 2481 912 2534 observavit
945 2482 1219 2550 Madvigius
1257 2482 1387 2551 Opp.
1423 2484 1488 2534 Π.
1527 2502 1574 2551 p.
1599 2485 1731 2552 185).
1784 2484 1952 2550 Ipsum
1987 2492 2151 2533 autem
2184 2483 2468 2533 Petronium
2502 2484 2592 2534 sub
2622 2483 2712 2533 Ne-

317 2582 438 2620 rone
474 2562 743 2629 scripsisse,
780 2562 989 2628 plurima
1022 2562 1201 2612 indicia
1234 2581 1265 2614 a
1283 2562 1494 2614 Studero
1521 2564 1727 2629 prolata,
1767 2565 1805 2614 si
1842 2564 1955 2629 quid
1991 2565 2134 2613 video
2170 2581 2273 2613 non
2299 2564 2466 2614 sinunt
2483 2564 2716 2612 dubitare.

452 2643 624 2709 Neque
658 2659 718 2693 eo
753 2641 932 2693 indicio
968 2641 1032 2692 ad
1065 2643 1391 2695 definiendam
1416 2644 1632 2694 Petronii
1667 2652 1875 2693 aetatem
1909 2653 2041 2693 recte
2076 2662 2192 2693 usus
2229 2653 2303 2693 est
2322 2642 2544 2699 Beckius,
2582 2642 2716 2708 quod

318 2733 393 2775 est
426 2725 477 2775 in
513 2741 621 2792 cap.
661 2725 739 2786 79,
777 2722 870 2773 ubi.
895 2722 1067 2790 vigiles
1102 2734 1449 2775 memorantur.
1519 2724 1647 2775 Nam
1683 2742 1831 2790 quum
1864 2724 2036 2790 vigiles
2073 2743 2115 2774 a.
2145 2743 2193 2790 p.
2214 2723 2333 2775 Chr.
2356 2728 2383 2774 6
2421 2725 2483 2774 ab
2499 2724 2720 2789 Augusto

318 2804 566 2855 constimt‘i
601 2804 688 2865 sit,
742 2811 855 2869 post
900 2802 1031 2854 hunc
1072 2822 1256 2855 annum
1306 2805 1589 2855 Petronium
1648 2805 1897 2868 scripsisse
1959 2805 2218 2853 concludit.
2292 2805 2439 2866 Quod
2496 2807 2717 2869 quamvis

319 2884 381 2935 sit
398 2883 720 2944 verissimum,
758 2881 982 2949 equidem
1016 2902 1119 2933 non
1136 2902 1374 2951 assequor
1392 2886 1639 2951 quomodo
1669 2904 1748 2932 vx’.
1770 2884 1848 2933 dd.
1885 2884 2015 2932 hunc
2050 2885 2214 2933 locum
2250 2887 2311 2934 de
2328 2886 2552 2950 vigilibus
2582 2887 2717 2935 urbis

319 2964 507 3022 Romae
541 2963 827 3030 intellegere
862 2963 1122 3030 potuerint.
1190 2964 1319 3015 Nam
1354 2967 1500 3015 etiam
1533 2966 1775 3015 Prellerus
1810 2966 1861 3014 in
1895 2966 2023 3015 libro
2060 2966 2314 3015 utilissimo
2351 2966 2407 3013 de
2431 2966 2715 3032 regionibus

319 3045 454 3096 urbis
489 3045 677 3094 Romae
719 3044 851 3094 hunc
892 3045 1053 3093 locum
1103 3045 1230 3093 inter
1272 3045 1549 3094 testimonia
1601 3045 1664 3093 ad
1698 3044 1870 3109 vigiles
1905 3044 2158 3094 Romanos
2203 3044 2495 3110 pertinentia
2530 3062 2713 3110 ponere

321 3140 425 3174 non
459 3123 696 3175 dubitavit
730 3143 778 3191 p.
817 3127 903 3175 95:
957 3142 1058 3175 non
1105 3122 1284 3173 rectius
1337 3141 1483 3190 quam
1535 3123 1593 3173 de
1631 3123 1776 3173 domo
1829 3140 1859 3172 a
1895 3123 2258 3174 Trimalchione
2310 3125 2361 3172 in
2398 3124 2592 3174 colonia
2626 3143 2712 3173 sua

320 3203 571 3254 aedificata
605 3205 672 3254 ita
706 3205 894 3255 locutus
931 3213 1025 3267 est,
1065 3204 1201 3269 quasi
1237 3221 1327 3269 pro
1365 3204 1533 3252 urbica
1568 3204 1798 3253 habenda
1839 3205 1899 3254 sit
1935 3222 1983 3269 p.
2024 3208 2100 3253 77.
2167 3205 2270 3254 'Sed
2307 3205 2439 3270 quod
2473 3206 2719 3255 neminem
