3045 3631
1535 295 1569 339 4

331 437 491 487 adhuc
525 436 708 488 vidisse
743 436 953 486 maxime
988 436 1166 486 miror:
1204 435 1435 486 hocloco
1465 435 1548 501 qui
1566 442 1641 485 est
1666 434 1728 485 de
1745 433 1991 501 vigilibus,
2030 434 2251 502 quaestio
2268 434 2356 484 illa
2374 437 2754 503 πολυθρύλλητος

333 514 596 578 dirimitur,
634 525 795 566 utrum
833 515 1041 578 colonia,
1079 515 1132 565 in
1168 533 1268 582 qua
1286 516 1706 566 Trimalchionem
1742 523 2035 565 coenantem
2070 515 2185 565 facit
2207 515 2482 579 Petronius,
2520 517 2752 583 Neapolis

332 595 393 644 sit
428 612 495 643 an
515 594 720 645 Puteoli.
774 594 904 645 Nam
938 595 1158 646 Puteolis
1193 595 1369 662 vigiles
1404 596 1553 646 fuisse
1589 603 1776 645 certum
1811 602 1900 657 est,
1936 593 2199 661 Neapolim
2232 594 2329 645 hoc
2364 612 2521 661 genus
2557 596 2753 646 militiae

329 674 447 724 iullo
482 683 705 741 tempore
717 676 998 738 “habuisse‚
1053 694 1157 725 non
1191 675 1341 726 modo
1396 694 1500 726 non
1534 675 1761 738 traditur,
1815 675 1904 725 sed
1939 675 2085 724 etiam
2120 674 2225 724 veri
2259 674 2631 726 dissimillimum
2665 684 2753 727 est.

331 754 462 804 Nam
515 754 647 820 quod
683 753 917 806 Claudius
951 755 1228 806 Puteolis
1282 764 1332 805 et
1375 755 1602 806 Ostiae
1656 755 1935 823 singulas
1988 754 2271 805 cohortes
2323 755 2395 805 ad
2446 756 2754 806 arcendos

333 852 491 884 ncen
508 835 739 884 diorum
775 852 958 885 casus
996 836 1353 885 collocavit
1390 835 1615 901 (Sueton.
1654 835 1829 886 Claud.
1868 834 1979 900 25)=
2031 835 2082 884 id
2115 835 2226 884 ideo
2261 835 2377 884 fecit
2411 835 2543 901 quod
2577 843 2755 885 utrum-

334 930 429 980 que
482 914 756 980 emporium
807 922 1016 981 propter
1066 916 1409 982 granai-iorum
1462 914 1825 965 multitudinem
1876 914 2216 965 incendiorum
2264 913 2494 982 periculis
2544 916 2755 967 maxime

334 993 601 1044 obnoxium
637 1003 768 1059 erat3
822 1004 998 1046 contra
1030 997 1082 1046 in
1120 996 1241 1046 urbe
1285 996 1349 1046 ad
1384 995 1485 1046 otia
1520 1003 1637 1046 nata
1669 995 1753 1046 vix
1788 1003 1894 1046 erat
1928 1012 2015 1046 cur
2048 994 2277 1046 incendia
2308 994 2421 1063 plus
2458 1012 2607 1063 quam
2641 987 2758 1046 alibi

334 1076 636 1125 timerentur.
693 1075 842 1126 Certe
876 1076 927 1125 id
961 1093 1064 1126 non
1101 1087 1178 1126 est
1212 1075 1460 1136 credibile,
1499 1077 1541 1127 si
1576 1083 1691 1126 ante
1721 1074 1982 1127 Claudium
2015 1091 2081 1124 ne
2098 1074 2314 1125 Puteolis
2350 1075 2549 1140 quidem
2583 1076 2756 1141 vigiles

334 1155 555 1218 fuerunt,
609 1154 821 1222 Neapoli
856 1155 960 1223 jam
996 1154 1199 1207 Nerone
1232 1162 1475 1221 regnante
1510 1155 1677 1205 fuisse.
1747 1152 1979 1219 Lugduni
2015 1152 2165 1204 fuisse
2202 1154 2336 1219 quod
2370 1156 2646 1221 suspicatus
2682 1174 2758 1213 est

335 1233 623 1286 Boissieu
657 1234 855 1287 Inscr.
893 1234 964 1286 de
999 1234 1175 1304 Lyon
1209 1252 1258 1302 p.
1296 1236 1350 1295 4,
1398 1243 1529 1286 certe
1564 1234 1671 1286 veri
1707 1232 1928 1285 absimile
1964 1253 2067 1285 non
2103 1243 2192 1284 est.

473 1315 551 1364 Ex
587 1314 892 1382 argumentis
929 1314 1108 1381 quibus
1143 1313 1406 1380 Neapolim
1441 1313 1675 1367 Petronio
1712 1312 2027 1365 obversatam
2066 1331 2174 1363 esse
2211 1314 2437 1363 evincere
2455 1315 2756 1376 studuerunt,

336 1408 487 1445 unum
539 1401 732 1447 tantum
778 1393 1073 1446 refutatione
1124 1392 1317 1445 videtur
1367 1393 1571 1459 dignum
1623 1411 1750 1444 esse.
1832 1391 2105 1456 Encolpius
2142 1411 2250 1456 cap.
2289 1397 2349 1441 81
2389 1395 2440 1440 in
2477 1395 2759 1442 deversorio

337 1470 564 1526 Graecae
601 1472 735 1526 urbis
771 1490 824 1526 Se
862 1471 1110 1526 desertum
1136 1473 1305 1541 jacere
1343 1472 1478 1536 dicit,
1530 1472 1794 1538 verbisque
1849 1469 2129 1523 Graecae
2180 1474 2346 1523 urbis
2398 1485 2539 1522 vetus
2591 1475 2760 1539 glossa

339 1551 591 1620 adscripta
624 1560 720 1606 est:
756 1551 1067 1620 Neapolis.
1123 1551 1225 1607 Sed
1258 1553 1374 1605 huic
1396 1552 1592 1620 glossae
1622 1573 1725 1604 non
1747 1553 1985 1620 majorem
2002 1553 2149 1602 fidem
2175 1554 2338 1604 tribuo
2366 1573 2514 1621 quam
2538 1555 2758 1621 plurimis

339 1640 565 1684 veterum
599 1634 975 1686 scholiastarum
993 1635 1301 1685 commentis.
1349 1635 1482 1697 Quin
1517 1642 1682 1683 autem
1717 1634 1976 1684 Petronius
2013 1634 2159 1683 etiam
2179 1634 2411 1685 Puteolos
2446 1634 2622 1684 eodem
2649 1634 2758 1700 jure

338 1713 408 1764 sic
445 1714 698 1782 appellare
733 1714 947 1782 potuerit
981 1732 1077 1783 quo
1095 1715 1354 1768 Juvenalis
1390 1715 1636 1784 (quamvis
1672 1714 1768 1765 alio
1787 1713 1957 1782 sensu)
1998 1713 2209 1765 Romam
2226 1714 2317 1766 111.
2357 1718 2417 1766 61
2458 1713 2759 1766 Graecam

338 1795 544 1846 urbem
580 1796 726 1860 dixit,
765 1814 868 1847 non
916 1803 991 1847 est
1026 1795 1361 1847 dubitandum.
1433 1796 1564 1848 Nam
1599 1795 1973 1846 celeberrimum
2014 1795 2133 1846 illud
2168 1796 2443 1864 emporium
2478 1796 2759 1847 hominibus

339 1876 613 1941 peregrinis
650 1893 711 1926 ex
748 1875 962 1926 Graecia
994 1877 1357 1942 provinciisque
1377 1876 1712 1927 Orientalibus
1750 1876 2030 1925 commercii
2066 1894 2214 1926 causa
2256 1886 2339 1926 aut
2374 1878 2471 1926 huc
2507 1878 2760 1926 deverten-

340 1955 470 2005 tibus
524 1962 607 2006 aut
655 1955 836 2006 diutius
888 1955 956 2005 ibi
1005 1957 1424 2007 commorantibus
1476 1956 1711 2005 refertum
1765 1964 1883 2004 erat.
1958 1955 2105 2016 Quod
2139 1955 2464 2005 Philostratus
2518 1956 2578 2005 de
2613 1966 2760 2023 portu

342 2033 616 2085 Puteolano
660 2034 776 2085 dicit
825 2033 929 2101 (vit.
970 2036 1202 2101 Apollon.
1240 2037 1351 2087 VII.
1391 2039 1470 2085 12.
1507 2055 1556 2102 p.
1598 2039 1696 2084 134
1732 2036 1808 2084 ed.
1845 2036 2083 2104 Kayser):
2139 2042 2228 2083 τῶν
2272 2038 2365 2100 γὰρ
2409 2042 2526 2084 νεῶν
2570 2039 2757 2097 τούτων,

347 2114 512 2163 πολλαὶ
557 2113 602 2163 δ’
644 2118 716 2169 ὡς·
759 2119 880 2179 ὁρᾷς
928 2117 1067 2176 εἰσίν,
1122 2119 1174 2164 αἱ
1202 2119 1294 2179 μὲν
1330 2119 1384 2172 ἐς
1415 2118 1590 2184 Λιβύην
1625 2118 1906 2182 ἀφήσουσιν,
1960 2118 2013 2163 αἱ
2052 2116 2096 2164 δ’
2131 2117 2203 2173 εἰς·
2232 2116 2479 2180 Αἴγυπτον,
2533 2118 2585 2164 αἱ
2616 2117 2659 2164 δ’
2694 2117 2765 2174 εἰς

346 2194 554 2260 φοινίκην
589 2197 666 2243 καὶ
701 2197 920 2260 Κύπρον,
958 2199 1010 2244 αἱ
1040 2197 1083 2245 δ’
1119 2198 1238 2245 εὐθὺ
1275 2200 1501 2261 Σαρδοῦς,
1538 2199 1591 2246 αἱ
1625 2197 1669 2245 δ’
1705 2198 1828 2260 ὑπὲρ
1863 2198 2058 2260 Σαρδώε
2094 2197 2144 2247 id
2179 2197 2325 2246 etiam
2362 2196 2422 2246 de
2457 2197 2760 2263 temporibus

347 2275 594 2340 prioribus
646 2277 791 2325 valet.
879 2278 1126 2328 Stationes
1179 2285 1510 2328 mercatorum
1562 2276 2047 2342 Hierapolitanorum
2100 2275 2444 2343 Berytensium
2497 2277 2760 2344 Tyriorum

349 2355 566 2404 Puteolis
602 2357 748 2405 fuisse
783 2364 1028 2406 testantur
1063 2358 1206 2407 tituli:
1247 2358 1308 2406 cf.
1347 2356 1403 2408 C.
1438 2357 1489 2409 J.
1528 2356 1618 2408 Gr.
1655 2357 1747 2407 ΠΙ.
1785 2358 1919 2407 5853
1956 2354 2058 2422 (ubi
2075 2355 2173 2406 vid.
2194 2355 2456 2424 Franzius)
2492 2364 2540 2406 et
2556 2357 2762 2407 Momm·

351 2450 442 2484 sen
476 2435 527 2486 J.
563 2435 622 2485 R.
659 2436 722 2486 N.
760 2438 891 2487 2488
945 2445 996 2487 et
1031 2439 1179 2488 2476.
1251 2437 1329 2487 De
1364 2437 1567 2489 Judaeis
1602 2436 1820 2486 Puteolis
1856 2436 2237 2487 consistentibus
2290 2436 2408 2486 dixit
2440 2437 2761 2488 Minervinius

351 2514 481 2564 Bull.
519 2514 696 2581 Napol.
733 2517 793 2567 N.
830 2518 892 2567 T.
928 2518 1020 2568 ΙΠ.
1058 2517 1232 2584 (1855)
1267 2536 1316 2583 p.
1357 2519 1467 2567 105.
1515 2518 1653 2567 Inter
1687 2524 1759 2565 tot
1792 2516 2016 2566 dissonas
2050 2516 2246 2583 linguas
2265 2516 2462 2567 Graeca
2485 2534 2589 2566 non
2613 2518 2761 2566 modo

355 2595 684 2659 praevaluerit
734 2615 938 2647 necesse
992 2606 1068 2647 est
1118 2598 1206 2647 sed
1253 2597 1399 2646 etiam
1436 2597 1630 2664 saepius
1689 2614 1835 2664 quam
1866 2597 2051 2646 Latina
2083 2597 2248 2646 audita
2282 2614 2390 2648 esse
2426 2605 2590 2664 potest
2623 2615 2762 2664 prae-

358 2675 522 2726 sertim
557 2675 610 2725 in
644 2677 928 2741 regionibus
962 2679 1124 2743 portui
1142 2678 1493 2746 adjacentibus.
1539 2676 1774 2727 Ceterum
1791 2677 2052 2746 Satyricon
2069 2679 2276 2728 fortasse
2293 2686 2409 2746 post
2426 2695 2469 2727 a.
2489 2696 2537 2745 p.
2556 2677 2675 2729 Chr.
2697 2681 2761 2729 60

357 2755 592 2820 scriptum
629 2767 718 2818 est,
756 2776 851 2822 quo
880 2776 1015 2806 anno
1041 2759 1258 2807 Puteolis
1287 2760 1370 2826 jus
1390 2758 1610 2807 coloniae
1627 2758 1871 2808 redditum
1888 2774 1997 2807 esse
2015 2759 2163 2807 refert
2182 2758 2382 2807 Tacitus
2399 2757 2496 2807 An.
2514 2757 2652 2810 XIV.
2674 2761 2761 2822 273

358 2854 493 2885 mors
527 2837 582 2886 P.
618 2837 838 2886 Petronii
872 2838 1058 2887 Arbitri
1093 2840 1145 2887 in
1181 2856 1225 2887 a.
1264 2856 1313 2904 p.
1353 2838 1470 2888 Chr.
1510 2841 1572 2888 66
1609 2838 1779 2887 incidit
1811 2838 1876 2887 ib.
1913 2838 2050 2888 XVI.
2091 2840 2151 2886 17
2190 2853 2298 2905 sqq.
2362 2837 2493 2887 Num
2528 2837 2762 2906 Neapolis

356 2915 442 2965 illo
477 2925 699 2983 tempore
727 2918 808 2985 jus
846 2919 1066 2967 coloniae
1101 2920 1341 2981 habuerit,
1378 2919 1461 2967 alii
1493 2919 1719 2967 viderint.
1768 2918 1912 2969 Addo
1948 2919 2000 2968 in
2036 2919 2229 2969 colonia
2245 2918 2543 2968 Petroniana
2577 2918 2763 2985 amphi-

358 2995 606 3046 thentrum
641 3015 751 3047 esse
788 3016 896 3064 cap.
918 3003 995 3048 45.
1039 3000 1171 3050 Ν11111
1189 2999 1426 3064 Neapolis
1464 2997 1840 3062 amphiteatrum
1873 2998 2100 3047 habuerit
2132 2999 2402 3061 nescimus,
2439 2999 2762 3048 Puteolanum

356 3077 408 3125 in
460 3076 640 3142 vulgus
692 3087 865 3128 notum
919 3086 995 3128 est
1042 3077 1120 3143 (cf.
1170 3079 1281 3128 Em.
1327 3078 1568 3128 Huebner
1619 3076 1870 3128 Iscrizioni
1926 3079 2141 3129 esistenti
2188 3080 2258 3128 sui
2296 3078 2433 3128 sedili
2469 3079 2660 3128 diteatri
2702 3079 2762 3127 ed

356 3157 601 3208 anfiteutri
635 3158 815 3208 antichi
849 3176 899 3224 p.
938 3157 1039 3225 23).
